@article{Hall,
  title={{The Political Economy of Drones}},
  author={Hall, Abigail R and Coyne, Christopher J},
  journal={Defence and Peace Economics},
  number={ahead-of-print},
  pages={1--16},
  year={2013},
  publisher={Taylor \& Francis}
}

@article{Satia,
  title={{Attack of the Drones}},
  author={Satia, Priya},
  journal={The Nation},
  volume={9},
  year={2009}
}

@article{Byman,
  title={{Why Drones Work: The Case for Washington's Weapon of Choice}},
  author={Byman, Daniel},
  journal={Foreign Affairs},
  volume={92},
  pages={32},
  year={2013},
  publisher={HeinOnline}
  
@article{Cronin,
Author = {Cronin, Audrey Kurth},
ISSN = {00157120},
Journal = {Foreign Affairs},
Keywords = {National Security and War H56},
Number = {4},
Pages = {44 - 54},
Title = {{Why Drones Fail: When Tactics Drive Strategy}},
Volume = {92},
URL = {http://ntserver1.wsulibs.wsu.edu:2076/scripts/wsuall.pl?url=http://ntserver1.wsulibs.wsu.edu:2063/login.aspx?direct=true&db=ecn&AN=1380315&site=ehost-live},
Year = {2013},
}

@article{Bergen,
Author = {Bergen, Peter and Tiedemann, Katherine},
ISSN = {00157120},
Journal = {Foreign Affairs},
Keywords = {Related Disciplines Y80},
Number = {4},
Pages = {12 - 18},
Title = {{Washington's Phantom War: The Effects of the U.S. Drone Program in Pakistan.}},
Volume = {90},
URL = {http://ntserver1.wsulibs.wsu.edu:2076/scripts/wsuall.pl?url=http://ntserver1.wsulibs.wsu.edu:2063/login.aspx?direct=true&db=ecn&AN=1249037&site=ehost-live},
Year = {2011},
}

@article{Jaeger,
Author = {Jaeger, David A. and Paserman, M. Daniele},
ISSN = {15540626},
Journal = {Quarterly Journal of Political Science},
Keywords = {Conflict; Conflict Resolution; Alliances D74, Illegal Behavior and the Enforcement of Law K42, Formal and Informal Sectors; Shadow Economy; Institutional Arrangements O17},
Number = {4},
Pages = {315 - 342},
Title = {{The Shape of Things to Come? On the Dynamics of Suicide Attacks and Targeted Killings.}},
Volume = {4},
URL = {http://ntserver1.wsulibs.wsu.edu:2076/scripts/wsuall.pl?url=http://ntserver1.wsulibs.wsu.edu:2063/login.aspx?direct=true&db=ecn&AN=1092944&site=ehost-live},
Year = {2009},
}

@article{byman2006targeted,
  title={{Do Targeted Killings Work}},
  author={Byman, Daniel},
  journal={Foreign Affairs},
  volume={85},
  pages={95},
  year={2006},
  publisher={HeinOnline}
}

@techreport{cullen2007role,
  title={{The Role of Targeted Killing in the Campaign against Terror}},
  author={Cullen, Peter M},
  year={2007},
  institution={DTIC Document}
  
@article{boyle2013costs,
  title={{The Costs and Consequences of Drone Warfare}},
  author={Boyle, Michael J},
  journal={International Affairs},
  volume={89},
  number={1},
  pages={1--29},
  year={2013},
  publisher={Wiley Online Library}
  
@misc{greenwald2013unmanned,
  title={Unmanned: Americaâ€™s Drone Wars},
  author={Greenwald, Robert},
  year={2013},
  publisher={October}
}

@misc{thelongwar,
  title={Charting the data for US airstrikes in Pakistan, 2004-2016},
  author={Roggio, Bill},
  publisher={The Long War Journal},
  url={http://www.longwarjournal.org/pakistan-strikes/},
  note= {Accessed: June 6th, 2016} 
}

@misc{droneswars,
  title={Get the data: What the drones strike},
  author={Ross, Alice K and Serle, Jack},
  publisher={The Bureau of Investigative Journalism},
  url={https://www.thebureauinvestigates.com/2014/05/23/get-the-data-what-the-drones-strike/},
  note= {Accessed: June 6th, 2016} 
}


@article{wilensky1997netlogo,
  title={NetLogo wolf sheep predation model},
  author={Wilensky, U},
  journal={Center for Connected Learning and Computer-Based Modeling, Northwestern University, Evanston, IL},
  year={1997}
}  